@Article{buhler2017,
  author = 	 {James Buhler},
  title = 	 {Quick Takes on \emph{Rogue One}: Michael Giacchino's Sacrifice},
  journal = 	 {Musicology Now},
  date = 	 {2017-01-10},
  url = {http://musicologynow.ams-net.org/2017/01/quick-takes-on-rogue-one-michael.html},
  urldate = 	 {2017-04-29},
  OPTvolume = 	 {},
  OPTnumber = 	 {},
  OPTpages = 	 {},
  OPTmonth = 	 {},
  OPTnote = 	 {},
  OPTannote = 	 {}
}

@Article{mccorkle,
  author = 	 {Brooke McCorkle},
  title = 	 {Quick Takes on \emph{Rogue One}: Requiem for Rogues},
  journal = 	 {Musicology Now},
  date = 	 {2017-01-11},
  url = 	 {http://musicologynow.ams-net.org/2017/01/quick-takes-on-rogue-one-requiem-for.html},
  urldate = 	 {2017-04-29},
  OPTpages = 	 {},
  OPTmonth = 	 {},
  OPTnote = 	 {},
  OPTannote = 	 {}
}

