
@article{slavin_support_1991,
	title = {In {Support} of '{Heresy}': {Manuscript} {Evidence} for the 'a cappella' {Performance} of {Early} 15th-{Century} {Songs}},
	volume = {19},
	issn = {0306-1078},
	shorttitle = {In {Support} of '{Heresy}'},
	url = {http://www.jstor.org/stable/3127634},
	number = {2},
	urldate = {2017-04-11},
	journal = {Early Music},
	author = {Slavin, Dennis},
	year = {1991},
	pages = {179--190},
	file = {JSTOR Full Text PDF:files/85/Slavin - 1991 - In Support of
                  'Heresy' Manuscript Evidence for th.pdf:application/pdf}
}
