@Book{austin1989,
  author =	 {Larry Austin and Thomas Clark},
  ALTeditor = 	 {},
  title = 	 {Learning to Compose: Modes, Materials and Models of Musical Invention},
  publisher = 	 {Wm. C. Brown Publishers},
  year = 	 {1989},
  OPTkey = 	 {},
  OPTvolume = 	 {},
  OPTnumber = 	 {},
  OPTseries = 	 {},
  address =	 {Dubuque},
  OPTedition = 	 {},
  OPTmonth = 	 {},
  OPTnote = 	 {},
  OPTannote = 	 {}
}

@Book{brindle,
  author =	 {Brindle, Reginald Smith},
  ALTeditor = 	 {},
  title = 	 {Musical Composition},
  publisher = 	 {Oxford University Press},
  year = 	 {1986},
  OPTkey = 	 {},
  OPTvolume = 	 {},
  OPTnumber = 	 {},
  OPTseries = 	 {},
  address =	 {New York},
  OPTedition = 	 {},
  OPTmonth = 	 {},
  OPTnote = 	 {},
  OPTannote = 	 {}
}

@Article{candyrat,
  author = 	 {},
  title = 	 {Home | CandyRat Records},
  journal = 	 {CandyRat Records},
  urldate = 	 {2017-05-08},
  url = 	 {https://www.candyrat.com/},
  OPTvolume = 	 {},
  OPTnumber = 	 {},
  OPTpages = 	 {},
  OPTmonth = 	 {},
  OPTnote = 	 {},
  OPTannote = 	 {}
}

@Article{righteous,
  author = 	 {},
  title = 	 {Ani DiFranco and Righteous Babe Records official website - righteousbabe.com},
  journal = 	 {Righteous Babe Records},
  url = 	 {https://www.righteousbabe.com/},
  urldate = 	 {2017-05-08},
  OPTvolume = 	 {},
  OPTnumber = 	 {},
  OPTpages = 	 {},
  OPTmonth = 	 {},
  OPTnote = 	 {},
  OPTannote = 	 {}
}

