@Book{damiano,
  author =	 {R.A. MacAvoy},
  title = 	 {Damiano},
  publisher = 	 {Nelson Doubleday},
  year = 	 1983,
  address =	 {Garden City}}

@Article{nebula,
  author = 	 {{Science Fiction and Fantasy Writers of America, Inc.}},
  title = 	 {1983 Nebula Awards},
  journal = 	 {Nebula Awards},
  OPTkey = 	 {},
  OPTvolume = 	 {},
  url = 	 {http://nebulas.sfwa.org/award-year/1983/},
  urldate = 	 {2017-05-14},
  OPTmonth = 	 {},
  OPTnote = 	 {},
  OPTannote = 	 {}
}
@Article{hugo,
  title = 	 {1984 Hugo Awards},
  journal = 	 {The Hugo Awards},
  url = 	 {http://www.thehugoawards.org/hugo-history/1984-hugo-awards/},
  urldate = 	 {2017-05-14},
  OPTnumber = 	 {},
  OPTpages = 	 {},
  OPTmonth = 	 {},
  OPTnote = 	 {},
  OPTannote = 	 {}
}

@Article{locus,
  author = 	 {{Mark R. Kelly and the Locus Science Fiction Foundation}},
  title = 	 {Locus Awards 1984},
  journal = 	 {sfadb: science fiction awards database},
  year = 	 2017,
  url = 	 {http://www.sfadb.com/Locus_Awards_1984},
  urldate = 	 {2017-05-14}}

@Article{lightspeed,
  author = 	 {Steven Gould},
  title = 	 {Interview: R.A. MacAvoy},
  journal = 	 {Lightspeed: Science Fiction \& Fantasy},
  year = 	 2012,
  number =	 20,
  month =	 1,
  url = 	 {http://www.lightspeedmagazine.com/nonfiction/feature-interview-r-a-macavoy/},
  urldate = 	 {2017-05-14}
}

