%% This BibTeX bibliography file was created using BibDesk.
%% http://bibdesk.sourceforge.net/

%% Created for Rachael Carlson at 2017-03-18 12:49:55 -0500 


%% Saved with string encoding Unicode (UTF-8) 



@article{hoeflerWhitney,
	Author = {{Hoefler \& Co.}},
	Date-Added = {2017-03-18 17:47:49 +0000},
	Date-Modified = {2017-03-18 17:49:55 +0000},
	Journal = {Fonts by Hoefler \& Co.},
	Title = {Whitney},
	Url = {https://www.typography.com/fonts/whitney/overview/},
	Urldate = {2017-03-18},
	Year = {2017}}

@article{garamondPremier,
	Author = {{Adobe Systems Incorporated}},
	Date-Added = {2017-03-18 17:44:33 +0000},
	Date-Modified = {2017-03-18 17:46:43 +0000},
	Journal = {Adobe Typekit},
	Keywords = {Typography},
	Title = {Garamond Premier Pro},
	Url = {https://typekit.com/fonts/garamond-premier},
	Urldate = {2017-03-18},
	Year = {2017}}
