@InCollection{fauser2013,
  author = 	 {Annegret Fauser},
  title = 	 {Shaping Music for Total War},
  booktitle = 	 {Sounds of War: Music in the United States During World War II},
  OPTcrossref =  {},
  OPTkey = 	 {},
  publisher = {Oxford University Press},
  year = 	 {2013},
  OPTeditor = 	 {},
  OPTvolume = 	 {},
  OPTnumber = 	 {},
  OPTseries = 	 {},
  OPTtype = 	 {},
  OPTchapter = 	 {},
  pages =	 {76--93},
  OPTedition = 	 {},
  OPTmonth = 	 {},
  address =	 {New York},
  OPTnote = 	 {},
  OPTannote = 	 {}
}

@InCollection{goehr1999,
  author = 	 {Lydia Goehr},
  title = 	 {Music and Musicians in Exile: The Romantic Legacy of a Double Life},
  booktitle = 	 {Driven to Paradise: The Musical Migration from Nazi Germany to the United States},
  OPTcrossref =  {},
  OPTkey = 	 {},
  publisher =	 {University of California Press},
  year =	 {1999},
  editor =	 {Reinhold Brinkmann and Christoph Wolff},
  OPTvolume = 	 {},
  OPTnumber = 	 {},
  OPTseries = 	 {},
  OPTtype = 	 {},
  OPTchapter = 	 {},
  pages =	 {66--91},
  OPTedition = 	 {},
  OPTmonth = 	 {},
  address =	 {Berkeley},
  OPTnote = 	 {},
  OPTannote = 	 {}
}

