@comment{x-kbibtex-encoding=utf-8}

@comment{x-kbibtex-personnameformatting=<%l><, %f>}

@article{clague,
	author = "Clague, Mark",
	journal = "NewMusicBox",
	month = jan,
	title = "{Psychedelic Citizenship: Jimi Hendrix as Tone Poet}",
	year = "2015"
}

@incollection{lewis,
	address = "Middletown",
	author = "Lews, George E.",
	booktitle = "{The Other Side of Nowhere: Jazz, Improvisation, And Communities in Dialogue}",
	editor = "Fischlin, Daniel and Heble, Ajay",
	localfile = "/home/rachael/Downloads/lewis 2004 improvised music after 1950.pdf",
	pages = "131–162",
	publisher = "Wesleyan University Press",
	title = "{Improvised Music after 1950: Afrological and Eurological Perspectives}",
	year = "2004"
}

@misc{hendrixWoodstock,
	journal = "YouTube",
	title = "{Inverview with Jimi Hendrix on Star-Spangled Banner}",
	type = "Video",
	url = "https://youtu.be/B-ZYUaRKQkk",
	urldate = "2017-03-28"
}

@incollection{pinch,
	address = "Cambridge, MA",
	author = "Pinch, Trevor and Trocco, Frank",
	booktitle = "{Analog Days: The Invention and Impact of the Moog Synthesizer}",
	localfile = "/home/rachael/TeXtonic/ClassPapers/Music 314/Pinch and Trucco Analog Days Ch 7.pdf",
	pages = "131–154",
	publisher = "Harvard University Press",
	title = "{Switched-On Bach}",
	year = "2002"
}

@Article{nickleson,
  author = 	 {Patrick Nickleson},
  title = 	 {Manifesting Community in Early Minimalism},
  journal = 	 {NewMusicBox},
  date = 	 {2016-05-18},
  url = 	 {http://www.newmusicbox.org/articles/manifesting-community-in-early-minimalism/},
}

@InCollection{auner,
  author = 	 {Joseph Auner},
  title = 	 {Texture, Timbre, Loops, and Layers},
  booktitle = 	 {Music in the Twentieth and Twenty-First Centuries},
  OPTcrossref =  {},
  OPTkey = 	 {},
  publisher =	 {W.W. Norton and Company},
  year =	 {2013},
  OPTeditor = 	 {},
  OPTvolume = 	 {},
  OPTnumber = 	 {},
  OPTseries = 	 {},
  OPTtype = 	 {},
  OPTchapter = 	 {},
  pages =	 {235--255},
  OPTedition = 	 {},
  OPTmonth = 	 {},
  address =	 {New York},
  OPTnote = 	 {},
  OPTannote = 	 {}
}

@Article{bernard,
  author = 	 {Jonathan W. Bernard},
  title = 	 {Minimalism, Postminimalism, and the Resurgence of Tonality in Recent American Music},
  journal = 	 {American Music},
  year = 	 {2003},
  OPTkey = 	 {},
  volume =	 {21},
  number =	 {1},
  pages =	 {112--133},
  month =	 {Spring},
  OPTnote = 	 {},
  OPTannote = 	 {}
}

