@InCollection{week9,
  title = 	 {Class 24: Postmodernism},
  author = 	 {Dr. Timothy Sterner Miller},
  note =	 {Lecture, Music 314, University of Wisconsin-Milwaukee, Milwaukee, WI, March 27, 2017}}

